<?xml version="1.0" encoding="UTF-8"?>
<collection xmlns="http://www.loc.gov/MARC21/slim">
  <!-- lang spa: 008 spa -->
  <record>
    <leader>01952cim  2200457Ia 45í0</leader>
    <controlfield tag="001">a008spa</controlfield>
    <controlfield tag="008">041202s2000    mdunnn  s      f    spa d</controlfield>
    <datafield tag="245" ind1="1" ind2="0">
      <subfield code="a">lang spa: 008 spa</subfield>
    </datafield>
  </record>