
  <!-- no lang: 008 mis -->
  <record>
    <leader>01952cim  2200457Ia 45í0</leader>
    <controlfield tag="001">a008mis</controlfield>
    <controlfield tag="008">041202s2000    mdunnn  s      f    mis d</controlfield>
    <datafield tag="245" ind1="1" ind2="0">
      <subfield code="a">no lang: 008 mis</subfield>
    </datafield>
  </record>