

  <!-- lang tha: 008 mul, 041a mul, tha -->
  <record>
    <leader>01952cim  2200457Ia 45í0</leader>
    <controlfield tag="001">a008mul041atha</controlfield>
    <controlfield tag="008">041202s2000    mdunnn  s      f    mul d</controlfield>
    <datafield tag="041" ind1="0" ind2="7">
      <subfield code="a">mul</subfield>
      <subfield code="a">tha</subfield>
    </datafield>
    <datafield tag="245" ind1="1" ind2="0">
      <subfield code="a">lang tha: 008 mul, 041a mul, tha</subfield>
    </datafield>
  </record>