
  
  <!-- lang eng, ger, rus: 008 eng, 041a eng, ger, rus -->
  <record>
    <leader>01952cim  2200457Ia 45í0</leader>
    <controlfield tag="001">a008eng3041a</controlfield>
    <controlfield tag="008">041202s2000    mdunnn  s      f    eng d</controlfield>
    <datafield tag="041" ind1="0" ind2="7">
      <subfield code="a">eng</subfield>
      <subfield code="a">ger</subfield>
      <subfield code="a">rus</subfield>
    </datafield>
    <datafield tag="245" ind1="1" ind2="0">
      <subfield code="a">lang eng, ger, rus: 008 mul, 041a eng, ger, rus</subfield>
    </datafield>
  </record>