
  
  <!-- lang eng, grc: 008 eng, 041a eng, grc, 041h rus -->
  <record>
    <leader>01952cim  2200457Ia 45í0</leader>
    <controlfield tag="001">a008eng2041a041h</controlfield>
    <controlfield tag="008">041202s2000    mdunnn  s      f    eng d</controlfield>
    <datafield tag="041" ind1="0" ind2="7">
      <subfield code="a">eng</subfield>
      <subfield code="a">grc</subfield>
      <subfield code="h">rus</subfield>
    </datafield>
    <datafield tag="245" ind1="1" ind2="0">
      <subfield code="a">lang eng, grc: 008 mul, 041a eng, grc, 041h rus</subfield>
    </datafield>
  </record>