
  
  <!-- lang fre, spa: 008 fre 041d fre, spa -->
  <record>
    <leader>01952cim  2200457Ia 45í0</leader>
    <controlfield tag="001">a008fre041d</controlfield>
    <controlfield tag="008">041202s2000    mdunnn  s      f    fre d</controlfield>
    <datafield tag="041" ind1="0" ind2="7">
      <subfield code="d">fre</subfield>
      <subfield code="d">spa</subfield>
    </datafield>
    <datafield tag="245" ind1="1" ind2="0">
      <subfield code="a">lang fre, spa: 008 fre 041d fre, spa</subfield>
    </datafield>
  </record>