
  
  <!-- lang nor, swe: 008 nor 041a nor, 041d swe -->
  <record>
    <leader>01952cim  2200457Ia 45í0</leader>
    <controlfield tag="001">a008nor041ad</controlfield>
    <controlfield tag="008">041202s2000    mdunnn  s      f    nor d</controlfield>
    <datafield tag="041" ind1="0" ind2="7">
      <subfield code="a">nor</subfield>
      <subfield code="d">swe</subfield>
    </datafield>
    <datafield tag="245" ind1="1" ind2="0">
      <subfield code="a">lang nor, swe: 008 nor 041a nor, 041d swe</subfield>
    </datafield>
  </record>