
  
  <!-- lang ita: 008 mis 041k ita -->
  <record>
    <leader>01952cim  2200457Ia 45í0</leader>
    <controlfield tag="001">a008mis041ak</controlfield>
    <controlfield tag="008">041202s2000    mdunnn  s      f    mis d</controlfield>
    <datafield tag="041" ind1="0" ind2="7">
      <subfield code="a">mis</subfield>
      <subfield code="k">ita</subfield>
    </datafield>
    <datafield tag="245" ind1="1" ind2="0">
      <subfield code="a">lang ita: 008 mis 041k ita</subfield>
    </datafield>
  </record>
  
</collection>